@book{Patterson2022,
  author    = {David A. Patterson and John L. Hennessy},
  title     = {Struttura e progetto dei calcolatori},
  publisher = {Zanichelli},
  year      = {2022},
  address   = {Bologna},
  edition   = {{5ª edizione italiana condotta sulla 6ª edizione americana}},
  note      = {{A cura di Alberto Borghese}}
}

@book{Hennessy2019,
  author    = {John L. Hennessy and David A. Patterson},
  title     = {Computer Architecture: A Quantitative Approach},
  publisher = {Morgan Kaufmann Publishers},
  year      = {2019},
  address   = {Cambridge},
  edition   = {6th}
}

@book{Quarteroni1997,
  author    = {Alfio Quarteroni},
  title     = {Elementi di Calcolo Numerico},
  publisher = {Societ\`a editrice Esculapio},
  year      = {1997},
  address   = {Bologna},
  edition   = {2nd}
}